@INPROCEEDINGS{gazebo,
    author = {Nathan Koenig and Andrew Howard},
    title = {Design and Use Paradigms for Gazebo, An Open-Source Multi-Robot Simulator},
    booktitle = {In IEEE/RSJ International Conference on Intelligent Robots and Systems},
    year = {2004},
    pages = {2149--2154}
}

@misc{nrp,
  title = {HBP Neurorobotics Platform},
  howpublished = {\url{https://neurorobotics.net/}},
  note = {Accessed: 2018-02-11}
}

@misc{nestweb,
	title={Nest Simulator},
	howpublished = {\url{http://www.nest-simulator.org/}},
	note = {Accessed: 2018-02-15}
}

@article{numpy,
 author = {Walt, Stefan van der and Colbert, S. Chris and Varoquaux, Gael},
 title = {The NumPy Array: A Structure for Efficient Numerical Computation},
 journal = {Computing in Science and Engg.},
 issue_date = {March 2011},
 volume = {13},
 number = {2},
 month = mar,
 year = {2011},
 issn = {1521-9615},
 pages = {22--30},
 numpages = {9},
 url = {http://dx.doi.org/10.1109/MCSE.2011.37},
 doi = {10.1109/MCSE.2011.37},
 acmid = {1957466},
 publisher = {IEEE Educational Activities Department},
 address = {Piscataway, NJ, USA},
 keywords = {NumPy, Python, Python, NumPy, scientific programming, numerical computations, programming libraries, numerical computations, programming libraries, scientific programming},
} 
	

@article{opencv_library,
    author = {Bradski, G.},
    citeulike-article-id = {2236121},
    journal = {Dr. Dobb's Journal of Software Tools},
    keywords = {bibtex-import},
    posted-at = {2008-01-15 19:21:54},
    priority = {4},
    title = {{The OpenCV Library}},
    year = {2000}
}

@ARTICLE{pynn,
  
AUTHOR={Davison, Andrew and Br√ºderle, Daniel and Eppler, Jochen and Kremkow, Jens and Muller, Eilif and Pecevski, Dejan and Perrinet, Laurent and Yger, Pierre},   
	 
TITLE={PyNN: a common interface for neuronal network simulators},      
	
JOURNAL={Frontiers in Neuroinformatics},      
	
VOLUME={2},      

PAGES={11},     
	
YEAR={2009},      
	  
URL={https://www.frontiersin.org/article/10.3389/neuro.11.011.2008},       
	
DOI={10.3389/neuro.11.011.2008},      
	
ISSN={1662-5196},   
  
}